@article{Beattie2018,
author = {Beattie K.A. and Hill A.P. and Bardenet R. and Cui Y. and Vandenberg J.I. and Gavaghan D.J. and Boer T.P. and Mirams G.R.},
title = {Sinusoidal voltage protocols for rapid characterisation of ion channel kinetics},
journal = {The Journal of Physiology},
volume = {596},
number = {10},
pages = {1813-1828},
keywords = {potassium channel, mathematical model, ion current, voltage-gated channels, voltage clamp, voltage gating},
doi = {10.1113/JP275733},
url = {https://physoc.onlinelibrary.wiley.com/doi/abs/10.1113/JP275733},
eprint = {https://physoc.onlinelibrary.wiley.com/doi/pdf/10.1113/JP275733}
}


